<?xml version="1.0" encoding="UTF-8"?><record xmlns="http://www.loc.gov/MARC21/slim" xmlns:cinclude="http://apache.org/cocoon/include/1.0" xmlns:zs="http://www.loc.gov/zing/srw/">
  <leader>00448cz  a2200133n  4500</leader>
  <controlfield tag="001">n  95094840 </controlfield>
  <controlfield tag="003">DLC</controlfield>
  <controlfield tag="005">19950925154336.6</controlfield>
  <controlfield tag="008">950925n| acannaab|          |n aaa |||  </controlfield>
  <datafield tag="010" ind1=" " ind2=" ">
    <subfield code="a">n  95094840 </subfield>
  </datafield>
  <datafield tag="040" ind1=" " ind2=" ">
    <subfield code="a">DLC</subfield>
    <subfield code="c">DLC</subfield>
  </datafield>
  <datafield tag="100" ind1="1" ind2="0">
    <subfield code="a">Miles, Karen K.</subfield>
  </datafield>
  <datafield tag="670" ind1=" " ind2=" ">
    <subfield code="a">The trainer's guide to New Jersey's Right to Know Law, 1994:</subfield>
    <subfield code="b">t.p. (Karen K. Miles, Ph.D., CHES)</subfield>
  </datafield>
  <datafield tag="670" ind1=" " ind2=" ">
    <subfield code="a">A resource guide for Right to Know training, 1994:</subfield>
    <subfield code="b">t.p. (Karen Miles, Ph.D., CHES)</subfield>
  </datafield>
</record>